@article{hydorn2018engaging,
  title={Engaging Students in the Practice of Statistics Through Undergraduate Research},
  author={Hydorn, Debra L},
  journal={Journal of Statistics Education},
  volume={26},
  number={2},
  pages={87--91},
  year={2018},
  publisher={Taylor \& Francis}
}

@article{hicks2018guide,
  title={A guide to teaching data science},
  author={Hicks, Stephanie C and Irizarry, Rafael A},
  journal={The American Statistician},
  volume={72},
  number={4},
  pages={382--391},
  year={2018},
  publisher={Taylor \& Francis}
}

@article{legler2010model,
  title={A model for an interdisciplinary undergraduate research program},
  author={Legler, Julie and Roback, Paul and Ziegler-Graham, Kathryn and Scott, James and Lane-Getaz, Sharon and Richey, Matthew},
  journal={The American Statistician},
  volume={64},
  number={1},
  pages={59--69},
  year={2010},
  publisher={Taylor \& Francis}
}

@article{nolan2010computing,
  title={Computing in the statistics curricula},
  author={Nolan, Deborah and Temple Lang, Duncan},
  journal={The American Statistician},
  volume={64},
  number={2},
  pages={97--107},
  year={2010},
  publisher={Taylor \& Francis}
}

@Manual{twitteR,
  title = {twitteR: R Based Twitter Client},
  author = {Jeff Gentry},
  year = {2015},
  url = {https://CRAN.R-project.org/package=twitteR}
}

@article{horton2015teaching,
  title={Teaching the next generation of statistics students to “Think with Data”: Special issue on statistics and the undergraduate curriculum},
  author={Horton, Nicholas J and Hardin, Johanna S},
  journal={The American Statistician},
  volume={69},
  number={4},
  pages={259--265},
  year={2015},
  publisher={Taylor \& Francis}
}

  @article{baker2010beyond,
  title={Beyond mentoring and advising: Toward understanding the role of faculty ``developers'' in student success},
  author={Baker, Vicki L and Griffin, Kimberly A},
  journal={About Campus},
  volume={14},
  number={6},
  pages={2--8},
  year={2010},
  publisher={Wiley Online Library}
}

@article{higgins2001reconceptualizing,
  title={Reconceptualizing mentoring at work: A developmental network perspective},
  author={Higgins, Monica C and Kram, Kathy E},
  journal={Academy of management review},
  volume={26},
  number={2},
  pages={264--288},
  year={2001},
  publisher={Academy of Management Briarcliff Manor, NY 10510}
}